<record><leader>00000cas a22000007a 4500</leader><controlfield tag="001">20858644</controlfield><controlfield tag="008">900108d18uu182ulauir ne      0    0fre d</controlfield><datafield ind1=" " ind2=" " tag="010"><subfield code="a">sn 90056002 </subfield></datafield><datafield ind1=" " ind2=" " tag="040"><subfield code="a">LNP</subfield><subfield code="b">eng</subfield><subfield code="c">LNP</subfield><subfield code="d">OCLCQ</subfield></datafield><datafield ind1="0" ind2=" " tag="041"><subfield code="a">fre</subfield><subfield code="a">eng</subfield></datafield><datafield ind1=" " ind2=" " tag="042"><subfield code="a">msc</subfield></datafield><datafield ind1="0" ind2=" " tag="130"><subfield code="a">Ami des lois et journal du commerce (New Orleans, La. : Triweekly)</subfield></datafield><datafield ind1="1" ind2="2" tag="245"><subfield code="a">L'ami des lois et journal du commerce.</subfield></datafield><datafield ind1="1" ind2="3" tag="246"><subfield code="a">Friend of the laws, and commercial journal</subfield></datafield><datafield ind1=" " ind2=" " tag="260"><subfield code="a">Nlle.-Orle&#769;ans [i.e. New Orleans, La.] :</subfield><subfield code="b">[publisher not identified]</subfield></datafield><datafield ind1=" " ind2=" " tag="300"><subfield code="a">volumes</subfield></datafield><datafield ind1=" " ind2=" " tag="310"><subfield code="a">Triweekly</subfield></datafield><datafield ind1=" " ind2=" " tag="336"><subfield code="a">text</subfield><subfield code="b">txt</subfield><subfield code="2">rdacontent</subfield></datafield><datafield ind1=" " ind2=" " tag="337"><subfield code="a">unmediated</subfield><subfield code="b">n</subfield><subfield code="2">rdamedia</subfield></datafield><datafield ind1=" " ind2=" " tag="338"><subfield code="a">volume</subfield><subfield code="b">nc</subfield><subfield code="2">rdacarrier</subfield></datafield><datafield ind1=" " ind2=" " tag="515"><subfield code="a">Lacks enumeration.</subfield></datafield><datafield ind1=" " ind2=" " tag="546"><subfield code="a">In French and English.</subfield></datafield><datafield ind1=" " ind2=" " tag="580"><subfield code="a">Daily ed.: Ami des lois et journal du commerce.</subfield></datafield><datafield ind1=" " ind2=" " tag="588"><subfield code="a">Description based on: 16/17 mai 1820; title from column heading.</subfield></datafield><datafield ind1=" " ind2=" " tag="752"><subfield code="a">United States</subfield><subfield code="b">Louisiana</subfield><subfield code="c">Orleans</subfield><subfield code="d">New Orleans.</subfield></datafield><datafield ind1="1" ind2=" " tag="775"><subfield code="t">Ami des lois et journal du commerce</subfield><subfield code="w">(DLC)sn 86053705</subfield></datafield></record>